<record><leader>00000cas a22000007a 4500</leader><controlfield tag="001">12210671</controlfield><controlfield tag="008">850628c19829999wiuwr ne      0   a0eng d</controlfield><datafield ind1=" " ind2=" " tag="010"><subfield code="a">sn 85040832 </subfield></datafield><datafield ind1=" " ind2=" " tag="040"><subfield code="a">NPV</subfield><subfield code="b">eng</subfield><subfield code="c">NPV</subfield><subfield code="d">NSD</subfield><subfield code="d">OCLCQ</subfield></datafield><datafield ind1=" " ind2=" " tag="012"><subfield code="l">1</subfield><subfield code="m">1</subfield></datafield><datafield ind1="1" ind2=" " tag="022"><subfield code="a">0885-081X</subfield><subfield code="l">0885-081X</subfield><subfield code="2">1</subfield></datafield><datafield ind1=" " ind2=" " tag="032"><subfield code="a">868800</subfield><subfield code="b">USPS</subfield></datafield><datafield ind1=" " ind2=" " tag="037"><subfield code="b">Wittenberg Enterprise and Birnamwood News, P.O. Box 190, WIttenberg, WI 54499</subfield></datafield><datafield ind1=" " ind2=" " tag="042"><subfield code="a">msc</subfield><subfield code="a">nsdp</subfield></datafield><datafield ind1=" " ind2=" " tag="045"><subfield code="a">x8--</subfield></datafield><datafield ind1=" " ind2=" " tag="052"><subfield code="a">4123</subfield><subfield code="b">S5</subfield></datafield><datafield ind1="0" ind2=" " tag="130"><subfield code="a">Wittenberg enterprise and Birnamwood news (Wittenberg, Wis. : 1982)</subfield></datafield><datafield ind1=" " ind2="0" tag="222"><subfield code="a">Wittenberg enterprise and Birnamwood news</subfield><subfield code="b">(1982)</subfield></datafield><datafield ind1="1" ind2="0" tag="245"><subfield code="a">Wittenberg enterprise and Birnamwood news.</subfield></datafield><datafield ind1="3" ind2="0" tag="246"><subfield code="a">Enterprise news</subfield></datafield><datafield ind1=" " ind2=" " tag="260"><subfield code="a">Wittenberg, Wis. :</subfield><subfield code="b">R.E. Best &amp; D.W. Hanke,</subfield><subfield code="c">1982-</subfield></datafield><datafield ind1=" " ind2=" " tag="300"><subfield code="a">v. :</subfield><subfield code="b">ill.</subfield></datafield><datafield ind1=" " ind2=" " tag="310"><subfield code="a">Weekly</subfield></datafield><datafield ind1="0" ind2=" " tag="362"><subfield code="a">No. 3 (Apr. 29, 1982)-</subfield></datafield><datafield ind1=" " ind2=" " tag="500"><subfield code="a">Publisher varies.</subfield></datafield><datafield ind1=" " ind2=" " tag="500"><subfield code="a">Published also in Birnamwood, Wis.</subfield></datafield><datafield ind1=" " ind2=" " tag="500"><subfield code="a">Editors: G. Boldig, April 29, 1982-</subfield></datafield><datafield ind1=" " ind2=" " tag="530"><subfield code="a">Available on microfilm from The State Historical Society of Wisconsin.</subfield></datafield><datafield ind1=" " ind2=" " tag="752"><subfield code="a">United States</subfield><subfield code="b">Wisconsin</subfield><subfield code="c">Shawano</subfield><subfield code="d">Wittenberg.</subfield></datafield><datafield ind1=" " ind2=" " tag="752"><subfield code="a">United States</subfield><subfield code="b">Wisconsin</subfield><subfield code="c">Shawano</subfield><subfield code="d">Birnamwood.</subfield></datafield><datafield ind1="0" ind2="0" tag="780"><subfield code="t">Enterprise news (Wittenberg, Wis.)</subfield><subfield code="w">(DLC)sn 85040831</subfield></datafield><datafield ind1=" " ind2=" " tag="936"><subfield code="a">Unknown</subfield><subfield code="a">Sept. 5, 1985</subfield></datafield><datafield ind1="1" ind2=" " tag="029"><subfield code="a">AU@</subfield><subfield code="b">000025806288</subfield></datafield></record>